<?xml version="1.0" encoding="UTF-8"?><Document xmlns:xsi="http://www.w3.org/2001/XMLSchema-instance" xmlns="urn:iso:std:iso:20022:tech:xsd:camt.053.001.02">
  <BkToCstmrStmt>
    <GrpHdr>
      <MsgId>00017</MsgId>
      <CreDtTm>2021-04-06T11:57:40.292446</CreDtTm>
    </GrpHdr>
    <Stmt>
      <Id>00017</Id>
      <LglSeqNb>00017</LglSeqNb>
      <CreDtTm>2021-03-08T00:00:00</CreDtTm>
      <Acct>
        <Id>
          <IBAN>SI56610000025129947</IBAN>
        </Id>
        <Ownr>
          <Nm>TLTR D.O.O.</Nm>
          <PstlAdr>
            <Ctry>SI</Ctry>
            <AdrLine>Address 41</AdrLine>
            <AdrLine>3240 ŠMARJE PRI JELŠAH</AdrLine>
          </PstlAdr>
        </Ownr>
      </Acct>
      <Bal>
        <Tp>
          <CdOrPrtry>
            <Cd>OPBD</Cd>
          </CdOrPrtry>
        </Tp>
        <Amt Ccy="EUR">17579.12</Amt>
        <CdtDbtInd>CRDT</CdtDbtInd>
        <Dt>
          <Dt>2021-03-08</Dt>
        </Dt>
      </Bal>
      <Bal>
        <Tp>
          <CdOrPrtry>
            <Cd>CLBD</Cd>
          </CdOrPrtry>
        </Tp>
        <Amt Ccy="EUR">21242.26</Amt>
        <CdtDbtInd>CRDT</CdtDbtInd>
        <Dt>
          <Dt>2021-03-08</Dt>
        </Dt>
      </Bal>
      <TxsSummry>
        <TtlCdtNtries>
          <NbOfNtries>14</NbOfNtries>
          <Sum>3663.86</Sum>
        </TtlCdtNtries>
        <TtlDbtNtries>
          <NbOfNtries>1</NbOfNtries>
          <Sum>0.72</Sum>
        </TtlDbtNtries>
      </TxsSummry>
      <Ntry>
        <Amt Ccy="EUR">167.75</Amt>
        <CdtDbtInd>CRDT</CdtDbtInd>
        <RvslInd>false</RvslInd>
        <Sts>BOOK</Sts>
        <BookgDt>
          <Dt>2021-03-08</Dt>
        </BookgDt>
        <ValDt>
          <Dt>2021-03-08</Dt>
        </ValDt>
        <AcctSvcrRef>125430685</AcctSvcrRef>
        <BkTxCd>
          <Prtry>
            <Cd>NOTPROVIDED</Cd>
          </Prtry>
        </BkTxCd>
        <NtryDtls>
          <TxDtls>
            <Refs>
              <EndToEndId>SI99</EndToEndId>
            </Refs>
            <RltdPties>
              <Dbtr>
                <Nm>MAJA SCHERL S.P.</Nm>
                <PstlAdr>
                  <Ctry>SI</Ctry>
                  <AdrLine>VISOKO 888</AdrLine>
                  <AdrLine>IG</AdrLine>
                </PstlAdr>
              </Dbtr>
              <DbtrAcct>
                <Id>
                  <IBAN>SI56610000005857666</IBAN>
                </Id>
              </DbtrAcct>
            </RltdPties>
            <RltdAgts>
              <DbtrAgt>
                <FinInstnId>
                  <BIC>HDELSI22</BIC>
                </FinInstnId>
              </DbtrAgt>
            </RltdAgts>
            <Purp>
              <Cd>OTHR</Cd>
            </Purp>
            <RmtInf>
              <Strd>
                <CdtrRefInf>
                  <Tp>
                    <CdOrPrtry>
                      <Cd>SCOR</Cd>
                    </CdOrPrtry>
                  </Tp>
                  <Ref>SI00127-2021</Ref>
                </CdtrRefInf>
                <AddtlRmtInf>Inv. no.127-2021</AddtlRmtInf>
              </Strd>
            </RmtInf>
          </TxDtls>
        </NtryDtls>
      </Ntry>
      <Ntry>
        <Amt Ccy="EUR">100.00</Amt>
        <CdtDbtInd>CRDT</CdtDbtInd>
        <RvslInd>false</RvslInd>
        <Sts>BOOK</Sts>
        <BookgDt>
          <Dt>2021-03-08</Dt>
        </BookgDt>
        <ValDt>
          <Dt>2021-03-08</Dt>
        </ValDt>
        <AcctSvcrRef>125472686</AcctSvcrRef>
        <BkTxCd>
          <Prtry>
            <Cd>NOTPROVIDED</Cd>
          </Prtry>
        </BkTxCd>
        <NtryDtls>
          <TxDtls>
            <Refs>
              <EndToEndId>notprovided</EndToEndId>
            </Refs>
            <RltdPties>
              <Dbtr>
                <Nm>MELITA ZAJEC</Nm>
                <PstlAdr>
                  <Ctry>SI</Ctry>
                  <AdrLine>VELIKO 11a</AdrLine>
                  <AdrLine>1290 GROSUPLJE</AdrLine>
                </PstlAdr>
              </Dbtr>
              <DbtrAcct>
                <Id>
                  <IBAN>SI56330000010328124</IBAN>
                </Id>
              </DbtrAcct>
            </RltdPties>
            <RltdAgts>
              <DbtrAgt>
                <FinInstnId>
                  <BIC>HAABSI22</BIC>
                </FinInstnId>
              </DbtrAgt>
            </RltdAgts>
            <Purp>
              <Cd>OTHR</Cd>
            </Purp>
            <RmtInf>
              <Strd>
                <CdtrRefInf>
                  <Tp>
                    <CdOrPrtry>
                      <Cd>SCOR</Cd>
                    </CdOrPrtry>
                  </Tp>
                  <Ref>SI00146-2021</Ref>
                </CdtrRefInf>
              </Strd>
            </RmtInf>
          </TxDtls>
        </NtryDtls>
      </Ntry>
      <Ntry>
        <Amt Ccy="EUR">362.95</Amt>
        <CdtDbtInd>CRDT</CdtDbtInd>
        <RvslInd>false</RvslInd>
        <Sts>BOOK</Sts>
        <BookgDt>
          <Dt>2021-03-08</Dt>
        </BookgDt>
        <ValDt>
          <Dt>2021-03-08</Dt>
        </ValDt>
        <AcctSvcrRef>125473857</AcctSvcrRef>
        <BkTxCd>
          <Prtry>
            <Cd>NOTPROVIDED</Cd>
          </Prtry>
        </BkTxCd>
        <NtryDtls>
          <TxDtls>
            <Refs>
              <EndToEndId>M99</EndToEndId>
            </Refs>
            <RltdPties>
              <Dbtr>
                <Nm>BOYS KOVAC S.P.</Nm>
                <PstlAdr>
                  <Ctry>SI</Ctry>
                  <AdrLine>ULICA 1 CELJE</AdrLine>
                  <AdrLine>-</AdrLine>
                </PstlAdr>
              </Dbtr>
              <DbtrAcct>
                <Id>
                  <IBAN>SI56290000051066645</IBAN>
                </Id>
              </DbtrAcct>
            </RltdPties>
            <RltdAgts>
              <DbtrAgt>
                <FinInstnId>
                  <BIC>BACXSI22</BIC>
                </FinInstnId>
              </DbtrAgt>
            </RltdAgts>
            <Purp>
              <Cd>OTHR</Cd>
            </Purp>
            <RmtInf>
              <Strd>
                <CdtrRefInf>
                  <Tp>
                    <CdOrPrtry>
                      <Cd>SCOR</Cd>
                    </CdOrPrtry>
                  </Tp>
                  <Ref>SI99</Ref>
                </CdtrRefInf>
                <AddtlRmtInf>OPOMIN</AddtlRmtInf>
              </Strd>
            </RmtInf>
          </TxDtls>
        </NtryDtls>
      </Ntry>
      <Ntry>
        <Amt Ccy="EUR">152.50</Amt>
        <CdtDbtInd>CRDT</CdtDbtInd>
        <RvslInd>false</RvslInd>
        <Sts>BOOK</Sts>
        <BookgDt>
          <Dt>2021-03-08</Dt>
        </BookgDt>
        <ValDt>
          <Dt>2021-03-08</Dt>
        </ValDt>
        <AcctSvcrRef>125474316</AcctSvcrRef>
        <BkTxCd>
          <Prtry>
            <Cd>NOTPROVIDED</Cd>
          </Prtry>
        </BkTxCd>
        <NtryDtls>
          <TxDtls>
            <Refs>
              <EndToEndId>NOTPROVIDED</EndToEndId>
            </Refs>
            <RltdPties>
              <Dbtr>
                <Nm>GOOTAG D.O.O.</Nm>
                <PstlAdr>
                  <Ctry>SI</Ctry>
                  <AdrLine>SILICONE 33</AdrLine>
                  <AdrLine>1000 LJUBLJANA</AdrLine>
                </PstlAdr>
              </Dbtr>
              <DbtrAcct>
                <Id>
                  <IBAN>SI56031371066626208</IBAN>
                </Id>
              </DbtrAcct>
            </RltdPties>
            <RltdAgts>
              <DbtrAgt>
                <FinInstnId>
                  <BIC>SKBASI2X</BIC>
                </FinInstnId>
              </DbtrAgt>
            </RltdAgts>
            <Purp>
              <Cd>IVPT</Cd>
            </Purp>
            <RmtInf>
              <Strd>
                <CdtrRefInf>
                  <Tp>
                    <CdOrPrtry>
                      <Cd>SCOR</Cd>
                    </CdOrPrtry>
                  </Tp>
                  <Ref>SI00288-2020</Ref>
                </CdtrRefInf>
              </Strd>
            </RmtInf>
          </TxDtls>
        </NtryDtls>
      </Ntry>
      <Ntry>
        <Amt Ccy="EUR">128.10</Amt>
        <CdtDbtInd>CRDT</CdtDbtInd>
        <RvslInd>false</RvslInd>
        <Sts>BOOK</Sts>
        <BookgDt>
          <Dt>2021-03-08</Dt>
        </BookgDt>
        <ValDt>
          <Dt>2021-03-08</Dt>
        </ValDt>
        <AcctSvcrRef>125483737</AcctSvcrRef>
        <BkTxCd>
          <Prtry>
            <Cd>NOTPROVIDED</Cd>
          </Prtry>
        </BkTxCd>
        <NtryDtls>
          <TxDtls>
            <Refs>
              <EndToEndId>notprovided</EndToEndId>
            </Refs>
            <RltdPties>
              <Dbtr>
                <Nm>BERTOLIN MICHAEL</Nm>
                <PstlAdr>
                  <Ctry>SI</Ctry>
                  <AdrLine>GOSPOSVETSKA 15</AdrLine>
                  <AdrLine>MARIBOR</AdrLine>
                </PstlAdr>
              </Dbtr>
              <DbtrAcct>
                <Id>
                  <IBAN>SI56041070207817891</IBAN>
                </Id>
              </DbtrAcct>
            </RltdPties>
            <RltdAgts>
              <DbtrAgt>
                <FinInstnId>
                  <BIC>KBMASI2X</BIC>
                </FinInstnId>
              </DbtrAgt>
            </RltdAgts>
            <Purp>
              <Cd>GDSV</Cd>
            </Purp>
            <RmtInf>
              <Strd>
                <CdtrRefInf>
                  <Tp>
                    <CdOrPrtry>
                      <Cd>SCOR</Cd>
                    </CdOrPrtry>
                  </Tp>
                  <Ref>SI00339-2020</Ref>
                </CdtrRefInf>
              </Strd>
            </RmtInf>
          </TxDtls>
        </NtryDtls>
      </Ntry>
      <Ntry>
        <Amt Ccy="EUR">220.00</Amt>
        <CdtDbtInd>CRDT</CdtDbtInd>
        <RvslInd>false</RvslInd>
        <Sts>BOOK</Sts>
        <BookgDt>
          <Dt>2021-03-08</Dt>
        </BookgDt>
        <ValDt>
          <Dt>2021-03-08</Dt>
        </ValDt>
        <AcctSvcrRef>125485122</AcctSvcrRef>
        <BkTxCd>
          <Prtry>
            <Cd>NOTPROVIDED</Cd>
          </Prtry>
        </BkTxCd>
        <NtryDtls>
          <TxDtls>
            <Refs>
              <EndToEndId>NOTPROVIDED</EndToEndId>
            </Refs>
            <RltdPties>
              <Dbtr>
                <Nm>ZAIC ZANA</Nm>
                <PstlAdr>
                  <Ctry>SI</Ctry>
                  <AdrLine>CRNECE 18</AdrLine>
                  <AdrLine>DRAVOGRAD</AdrLine>
                </PstlAdr>
              </Dbtr>
              <DbtrAcct>
                <Id>
                  <IBAN>SI56024514176661908</IBAN>
                </Id>
              </DbtrAcct>
            </RltdPties>
            <RltdAgts>
              <DbtrAgt>
                <FinInstnId>
                  <BIC>LJBASI2X</BIC>
                </FinInstnId>
              </DbtrAgt>
            </RltdAgts>
            <Purp>
              <Cd>OTHR</Cd>
            </Purp>
            <RmtInf>
              <Strd>
                <CdtrRefInf>
                  <Tp>
                    <CdOrPrtry>
                      <Cd>SCOR</Cd>
                    </CdOrPrtry>
                  </Tp>
                  <Ref>SI0003-2021</Ref>
                </CdtrRefInf>
              </Strd>
            </RmtInf>
          </TxDtls>
        </NtryDtls>
      </Ntry>
      <Ntry>
        <Amt Ccy="EUR">161386.41</Amt>
        <CdtDbtInd>CRDT</CdtDbtInd>
        <RvslInd>false</RvslInd>
        <Sts>BOOK</Sts>
        <BookgDt>
          <Dt>2021-03-08</Dt>
        </BookgDt>
        <ValDt>
          <Dt>2021-03-08</Dt>
        </ValDt>
        <AcctSvcrRef>125495912</AcctSvcrRef>
        <BkTxCd>
          <Prtry>
            <Cd>NOTPROVIDED</Cd>
          </Prtry>
        </BkTxCd>
        <NtryDtls>
          <TxDtls>
            <Refs>
              <EndToEndId>SI99</EndToEndId>
            </Refs>
            <RltdPties>
              <Dbtr>
                <Nm>PEART GMBH</Nm>
                <PstlAdr>
                  <Ctry>SI</Ctry>
                  <AdrLine>RIHPOVA 8</AdrLine>
                  <AdrLine>8210 TREBNJE</AdrLine>
                </PstlAdr>
              </Dbtr>
              <DbtrAcct>
                <Id>
                  <IBAN>SI56101000046677461</IBAN>
                </Id>
              </DbtrAcct>
            </RltdPties>
            <RltdAgts>
              <DbtrAgt>
                <FinInstnId>
                  <BIC>BAKOSI2X</BIC>
                </FinInstnId>
              </DbtrAgt>
            </RltdAgts>
            <Purp>
              <Cd>ADVA</Cd>
            </Purp>
            <RmtInf>
              <Strd>
                <CdtrRefInf>
                  <Tp>
                    <CdOrPrtry>
                      <Cd>SCOR</Cd>
                    </CdOrPrtry>
                  </Tp>
                  <Ref>SI00022-2020</Ref>
                </CdtrRefInf>
              </Strd>
            </RmtInf>
          </TxDtls>
        </NtryDtls>
      </Ntry>
      <Ntry>
        <Amt Ccy="EUR">118.95</Amt>
        <CdtDbtInd>CRDT</CdtDbtInd>
        <RvslInd>false</RvslInd>
        <Sts>BOOK</Sts>
        <BookgDt>
          <Dt>2021-03-08</Dt>
        </BookgDt>
        <ValDt>
          <Dt>2021-03-08</Dt>
        </ValDt>
        <AcctSvcrRef>125496651</AcctSvcrRef>
        <BkTxCd>
          <Prtry>
            <Cd>NOTPROVIDED</Cd>
          </Prtry>
        </BkTxCd>
        <NtryDtls>
          <TxDtls>
            <Refs>
              <EndToEndId>86-100792262</EndToEndId>
            </Refs>
            <RltdPties>
              <Dbtr>
                <Nm>VIDA LOGAR S.P.</Nm>
                <PstlAdr>
                  <Ctry>SI</Ctry>
                  <AdrLine>MARIBORSKA 4C</AdrLine>
                  <AdrLine>ROGASKA SLATINA</AdrLine>
                </PstlAdr>
              </Dbtr>
              <DbtrAcct>
                <Id>
                  <IBAN>SI56040010049500000</IBAN>
                </Id>
              </DbtrAcct>
            </RltdPties>
            <RltdAgts>
              <DbtrAgt>
                <FinInstnId>
                  <BIC>KBMASI2X</BIC>
                </FinInstnId>
              </DbtrAgt>
            </RltdAgts>
            <Purp>
              <Cd>CMDT</Cd>
            </Purp>
            <RmtInf>
              <Strd>
                <CdtrRefInf>
                  <Tp>
                    <CdOrPrtry>
                      <Cd>SCOR</Cd>
                    </CdOrPrtry>
                  </Tp>
                  <Ref>SI00051-2021</Ref>
                </CdtrRefInf>
              </Strd>
            </RmtInf>
          </TxDtls>
        </NtryDtls>
      </Ntry>
      <Ntry>
        <Amt Ccy="EUR">122.00</Amt>
        <CdtDbtInd>CRDT</CdtDbtInd>
        <RvslInd>false</RvslInd>
        <Sts>BOOK</Sts>
        <BookgDt>
          <Dt>2021-03-08</Dt>
        </BookgDt>
        <ValDt>
          <Dt>2021-03-08</Dt>
        </ValDt>
        <AcctSvcrRef>125499811</AcctSvcrRef>
        <BkTxCd>
          <Prtry>
            <Cd>NOTPROVIDED</Cd>
          </Prtry>
        </BkTxCd>
        <NtryDtls>
          <TxDtls>
            <Refs>
              <EndToEndId>SI99</EndToEndId>
            </Refs>
            <RltdPties>
              <Dbtr>
                <Nm>VERJAMEM VATE d.o.o.</Nm>
                <PstlAdr>
                  <Ctry>SI</Ctry>
                  <AdrLine>CESTA 10</AdrLine>
                  <AdrLine>DOMŽALE</AdrLine>
                </PstlAdr>
              </Dbtr>
              <DbtrAcct>
                <Id>
                  <IBAN>SI56610000066608572</IBAN>
                </Id>
              </DbtrAcct>
            </RltdPties>
            <RltdAgts>
              <DbtrAgt>
                <FinInstnId>
                  <BIC>HDELSI22</BIC>
                </FinInstnId>
              </DbtrAgt>
            </RltdAgts>
            <Purp>
              <Cd>OTHR</Cd>
            </Purp>
            <RmtInf>
              <Strd>
                <CdtrRefInf>
                  <Tp>
                    <CdOrPrtry>
                      <Cd>SCOR</Cd>
                    </CdOrPrtry>
                  </Tp>
                  <Ref>SI00069-2021</Ref>
                </CdtrRefInf>
                <AddtlRmtInf>PLAČILO RAČUNA 069-2021</AddtlRmtInf>
              </Strd>
            </RmtInf>
          </TxDtls>
        </NtryDtls>
      </Ntry>
      <Ntry>
        <Amt Ccy="EUR">246.40</Amt>
        <CdtDbtInd>CRDT</CdtDbtInd>
        <RvslInd>false</RvslInd>
        <Sts>BOOK</Sts>
        <BookgDt>
          <Dt>2021-03-08</Dt>
        </BookgDt>
        <ValDt>
          <Dt>2021-03-08</Dt>
        </ValDt>
        <AcctSvcrRef>125504633</AcctSvcrRef>
        <BkTxCd>
          <Prtry>
            <Cd>NOTPROVIDED</Cd>
          </Prtry>
        </BkTxCd>
        <NtryDtls>
          <TxDtls>
            <Refs>
              <EndToEndId>notprovided</EndToEndId>
            </Refs>
            <RltdPties>
              <Dbtr>
                <Nm>MATEJ KOVACIC S.P.</Nm>
                <PstlAdr>
                  <Ctry>SI</Ctry>
                  <AdrLine>KOZJE 6a</AdrLine>
                  <AdrLine>KOZJE</AdrLine>
                </PstlAdr>
              </Dbtr>
              <DbtrAcct>
                <Id>
                  <IBAN>SI56040010046662792</IBAN>
                </Id>
              </DbtrAcct>
            </RltdPties>
            <RltdAgts>
              <DbtrAgt>
                <FinInstnId>
                  <BIC>KBMASI2X</BIC>
                </FinInstnId>
              </DbtrAgt>
            </RltdAgts>
            <Purp>
              <Cd>GDSV</Cd>
            </Purp>
            <RmtInf>
              <Strd>
                <CdtrRefInf>
                  <Tp>
                    <CdOrPrtry>
                      <Cd>SCOR</Cd>
                    </CdOrPrtry>
                  </Tp>
                  <Ref>SI008032021</Ref>
                </CdtrRefInf>
              </Strd>
            </RmtInf>
          </TxDtls>
        </NtryDtls>
      </Ntry>
      <Ntry>
        <Amt Ccy="EUR">167.75</Amt>
        <CdtDbtInd>CRDT</CdtDbtInd>
        <RvslInd>false</RvslInd>
        <Sts>BOOK</Sts>
        <BookgDt>
          <Dt>2021-03-08</Dt>
        </BookgDt>
        <ValDt>
          <Dt>2021-03-08</Dt>
        </ValDt>
        <AcctSvcrRef>125518584</AcctSvcrRef>
        <BkTxCd>
          <Prtry>
            <Cd>NOTPROVIDED</Cd>
          </Prtry>
        </BkTxCd>
        <NtryDtls>
          <TxDtls>
            <Refs>
              <EndToEndId>NOTPROVIDED</EndToEndId>
            </Refs>
            <RltdPties>
              <Dbtr>
                <Nm>GUNS JERNEJA S.P.</Nm>
                <PstlAdr>
                  <Ctry>SI</Ctry>
                  <AdrLine>ROGASKA CESTA 1a</AdrLine>
                  <AdrLine>3240 SMARJE</AdrLine>
                </PstlAdr>
              </Dbtr>
              <DbtrAcct>
                <Id>
                  <IBAN>SI56190020001910033</IBAN>
                </Id>
              </DbtrAcct>
            </RltdPties>
            <RltdAgts>
              <DbtrAgt>
                <FinInstnId>
                  <BIC>SZKBSI2X</BIC>
                </FinInstnId>
              </DbtrAgt>
            </RltdAgts>
            <Purp>
              <Cd>OTHR</Cd>
            </Purp>
            <RmtInf>
              <Strd>
                <CdtrRefInf>
                  <Tp>
                    <CdOrPrtry>
                      <Cd>SCOR</Cd>
                    </CdOrPrtry>
                  </Tp>
                  <Ref>SI0013-2020</Ref>
                </CdtrRefInf>
              </Strd>
            </RmtInf>
          </TxDtls>
        </NtryDtls>
      </Ntry>
      <Ntry>
        <Amt Ccy="EUR">85.40</Amt>
        <CdtDbtInd>CRDT</CdtDbtInd>
        <RvslInd>false</RvslInd>
        <Sts>BOOK</Sts>
        <BookgDt>
          <Dt>2021-03-08</Dt>
        </BookgDt>
        <ValDt>
          <Dt>2021-03-08</Dt>
        </ValDt>
        <AcctSvcrRef>125518698</AcctSvcrRef>
        <BkTxCd>
          <Prtry>
            <Cd>NOTPROVIDED</Cd>
          </Prtry>
        </BkTxCd>
        <NtryDtls>
          <TxDtls>
            <Refs>
              <EndToEndId>notprovided</EndToEndId>
            </Refs>
            <RltdPties>
              <Dbtr>
                <Nm>MODNO FRIZERSTVO S.P.</Nm>
                <PstlAdr>
                  <Ctry>SI</Ctry>
                  <AdrLine>ULICA 16</AdrLine>
                  <AdrLine>LASKO</AdrLine>
                </PstlAdr>
              </Dbtr>
              <DbtrAcct>
                <Id>
                  <IBAN>SI56040010046664018</IBAN>
                </Id>
              </DbtrAcct>
            </RltdPties>
            <RltdAgts>
              <DbtrAgt>
                <FinInstnId>
                  <BIC>KBMASI2X</BIC>
                </FinInstnId>
              </DbtrAgt>
            </RltdAgts>
            <Purp>
              <Cd>GDSV</Cd>
            </Purp>
            <RmtInf>
              <Strd>
                <CdtrRefInf>
                  <Tp>
                    <CdOrPrtry>
                      <Cd>SCOR</Cd>
                    </CdOrPrtry>
                  </Tp>
                  <Ref>SI0000079-2021</Ref>
                </CdtrRefInf>
              </Strd>
            </RmtInf>
          </TxDtls>
        </NtryDtls>
      </Ntry>
      <Ntry>
        <Amt Ccy="EUR">268.40</Amt>
        <CdtDbtInd>CRDT</CdtDbtInd>
        <RvslInd>false</RvslInd>
        <Sts>BOOK</Sts>
        <BookgDt>
          <Dt>2021-03-08</Dt>
        </BookgDt>
        <ValDt>
          <Dt>2021-03-08</Dt>
        </ValDt>
        <AcctSvcrRef>125525067</AcctSvcrRef>
        <BkTxCd>
          <Prtry>
            <Cd>NOTPROVIDED</Cd>
          </Prtry>
        </BkTxCd>
        <NtryDtls>
          <TxDtls>
            <Refs>
              <EndToEndId>SI99</EndToEndId>
            </Refs>
            <RltdPties>
              <Dbtr>
                <Nm>BCINVEST D.O.O.</Nm>
                <PstlAdr>
                  <Ctry>SI</Ctry>
                  <AdrLine>ULICA 1</AdrLine>
                  <AdrLine>4000 KRANJ</AdrLine>
                </PstlAdr>
              </Dbtr>
              <DbtrAcct>
                <Id>
                  <IBAN>SI56101000056663690</IBAN>
                </Id>
              </DbtrAcct>
            </RltdPties>
            <RltdAgts>
              <DbtrAgt>
                <FinInstnId>
                  <BIC>BAKOSI2X</BIC>
                </FinInstnId>
              </DbtrAgt>
            </RltdAgts>
            <Purp>
              <Cd>OTHR</Cd>
            </Purp>
            <RmtInf>
              <Strd>
                <CdtrRefInf>
                  <Tp>
                    <CdOrPrtry>
                      <Cd>SCOR</Cd>
                    </CdOrPrtry>
                  </Tp>
                  <Ref>SI00139-2021</Ref>
                </CdtrRefInf>
              </Strd>
            </RmtInf>
          </TxDtls>
        </NtryDtls>
      </Ntry>
      <Ntry>
        <Amt Ccy="EUR">137.25</Amt>
        <CdtDbtInd>CRDT</CdtDbtInd>
        <RvslInd>false</RvslInd>
        <Sts>BOOK</Sts>
        <BookgDt>
          <Dt>2021-03-08</Dt>
        </BookgDt>
        <ValDt>
          <Dt>2021-03-08</Dt>
        </ValDt>
        <AcctSvcrRef>125525609</AcctSvcrRef>
        <BkTxCd>
          <Prtry>
            <Cd>NOTPROVIDED</Cd>
          </Prtry>
        </BkTxCd>
        <NtryDtls>
          <TxDtls>
            <Refs>
              <EndToEndId>NOTPROVIDED</EndToEndId>
            </Refs>
            <RltdPties>
              <Dbtr>
                <Nm>KOZMETICNI SALON TG</Nm>
                <PstlAdr>
                  <Ctry>SI</Ctry>
                  <AdrLine>MULJAVA 2A</AdrLine>
                  <AdrLine>IVANCNA GORICA</AdrLine>
                </PstlAdr>
              </Dbtr>
              <DbtrAcct>
                <Id>
                  <IBAN>SI56020410266660537</IBAN>
                </Id>
              </DbtrAcct>
            </RltdPties>
            <RltdAgts>
              <DbtrAgt>
                <FinInstnId>
                  <BIC>LJBASI2X</BIC>
                </FinInstnId>
              </DbtrAgt>
            </RltdAgts>
            <Purp>
              <Cd>CMDT</Cd>
            </Purp>
            <RmtInf>
              <Strd>
                <CdtrRefInf>
                  <Tp>
                    <CdOrPrtry>
                      <Cd>SCOR</Cd>
                    </CdOrPrtry>
                  </Tp>
                  <Ref>SI00048-2021</Ref>
                </CdtrRefInf>
              </Strd>
            </RmtInf>
          </TxDtls>
        </NtryDtls>
      </Ntry>
      <Ntry>
        <Amt Ccy="EUR">0.72</Amt>
        <CdtDbtInd>DBIT</CdtDbtInd>
        <RvslInd>false</RvslInd>
        <Sts>BOOK</Sts>
        <BookgDt>
          <Dt>2021-03-08</Dt>
        </BookgDt>
        <ValDt>
          <Dt>2021-03-08</Dt>
        </ValDt>
        <AcctSvcrRef>125472687</AcctSvcrRef>
        <BkTxCd>
          <Prtry>
            <Cd>NOTPROVIDED</Cd>
          </Prtry>
        </BkTxCd>
        <NtryDtls>
          <TxDtls>
            <Refs>
              <EndToEndId>SI99</EndToEndId>
            </Refs>
            <RltdPties>
              <Cdtr>
                <Nm>DELAVSKA HRANILNICA d.d. LJUBLJANA</Nm>
                <PstlAdr>
                  <Ctry>SI</Ctry>
                  <AdrLine>-</AdrLine>
                  <AdrLine>-</AdrLine>
                </PstlAdr>
              </Cdtr>
              <CdtrAcct>
                <Id>
                  <IBAN>SI56010000006100025</IBAN>
                </Id>
              </CdtrAcct>
            </RltdPties>
            <RltdAgts>
              <CdtrAgt>
                <FinInstnId>
                  <BIC>HDELSI22</BIC>
                </FinInstnId>
              </CdtrAgt>
            </RltdAgts>
            <RmtInf>
              <Strd>
                <CdtrRefInf>
                  <Tp>
                    <CdOrPrtry>
                      <Cd>SCOR</Cd>
                    </CdOrPrtry>
                  </Tp>
                  <Ref>SI99</Ref>
                </CdtrRefInf>
                <AddtlRmtInf>PRILIVNA PROVIZIJA</AddtlRmtInf>
              </Strd>
            </RmtInf>
          </TxDtls>
        </NtryDtls>
      </Ntry>
    </Stmt>
  </BkToCstmrStmt>
</Document>
